%% This BibTeX bibliography file was created using BibDesk.
%% http://bibdesk.sourceforge.net/

%% Created for Benjamin Fisher at 2015-09-30 15:54:36 -0400 


%% Saved with string encoding Unicode (UTF-8) 



@article{anzaroot2013,
	Author = {Sam Anzaroot and Andrew McCallum},
	Date-Added = {2015-09-30 19:53:20 +0000},
	Date-Modified = {2015-09-30 19:54:20 +0000},
	Journal = {Proceedings of the 30th International Conference on Machine Learning},
	Title = {A New Dataset for Fine-Grained Citation Field Extraction},
	Year = {2013}}

@article{councilletal2008,
	Author = {Isaac Councill and C. Lee Giles and Min-Yen Kan},
	Date-Added = {2015-09-30 19:50:50 +0000},
	Date-Modified = {2015-09-30 19:52:27 +0000},
	Journal = {LREC},
	Title = {ParsCit: An Open-Source CRF Reference String Parsing Package},
	Year = {2008}}

@article{garfield1964,
	Author = {Eugene Garfield},
	Date-Added = {2015-09-30 19:50:09 +0000},
	Date-Modified = {2015-09-30 19:50:48 +0000},
	Journal = {Science},
	Title = {Science Citation Index - A New Dimension in Indexing},
	Year = {1964}}

@article{laffertyetal2001,
	Author = {John Lafferty and Andrew McCallum and Fernando C.N. Pereira},
	Date-Added = {2015-09-30 19:47:04 +0000},
	Date-Modified = {2015-09-30 19:49:13 +0000},
	Journal = {Proceedings of the 18th Inernational Conference on Machine Learning},
	Title = {Conditional Random Fields: Probabilistic Models for Segmenting and Labeling Sequence Data},
	Year = {2001}}

@article{lawrenceetal1999,
	Author = {Steve Lawrence and C. Lee Giles and Kurt Bollacker},
	Date-Added = {2015-09-30 19:44:05 +0000},
	Date-Modified = {2015-09-30 19:47:00 +0000},
	Journal = {Computer},
	Title = {Digital Libraries and Autonomous Citation Indexing},
	Year = {1999}}
