@book{colin2000bird,
  title={Bird census techniques},
  author={Colin J. Bibby},
  year={2000},
  publisher={Elsevier}
}

@article{walton2009regulatory,
  title={Regulatory Impact Analysis: National Emission Standards for Hazardous Air Pollutants from the Portland Cement Manufacturing Industry},
  author={Walton, Tom},
  journal={Final Report US Environmental Protection Agency},
  year={2009}
}

@article{aitken1996wages,
  title={Wages and foreign ownership A comparative study of Mexico, Venezuela, and the United States},
  author={Aitken, Brian and Harrison, Ann and Lipsey, Robert E},
  journal={Journal of international Economics},
  volume={40},
  number={3},
  pages={345--371},
  year={1996},
  publisher={Elsevier}
}

@article{outlook2010energy,
  title={Energy Information Administration},
  author={Outlook, Annual Energy and others},
  journal={Department of Energy},
  year={2010}
}

@techreport{leahy1990implementation,
  title={Implementation plan for the national water-quality assessment program},
  author={Leahy, P Patrick and Rosenshein, Joseph S and Knopman, Debra S},
  year={1990},
  institution={Dept. of the Interior, US Geological Survey; Books and Open-File Reports [distributor],}
}

@book{kelly2005historical,
  title={Historical statistics for mineral and material commodities in the United States},
  author={Kelly, Thomas Dudley and Matos, Grecia R and Buckingham, DA and DiFrancesco, CA and Porter, KE and Berry, C and Crane, M and Goonan, T and Sznopek, J},
  year={2005},
  publisher={US Geological Survey Reston, VA}
}

@article{spielholz2008assessment,
  title={Assessment of perceived injury risks and priorities among truck drivers and trucking companies in Washington State},
  author={Spielholz, Peregrin and Cullen, Jennifer and Smith, Caroline and Howard, Ninica and Silverstein, Barbara and Bonauto, David},
  journal={Journal of safety research},
  volume={39},
  number={6},
  pages={569--576},
  year={2008},
  publisher={Elsevier}
}

@article{walton2009regulatory,
  title={Regulatory Impact Analysis: National Emission Standards for Hazardous Air Pollutants from the Portland Cement Manufacturing Industry},
  author={Walton, Tom},
  journal={Final Report US Environmental Protection Agency},
  year={2009}
}

@article{protection2003environmental,
  title={Environmental Protection Agency (EPA)},
  author={Protection, Environmental},
  year={2003}
}

