@article{dietrich1993developmental,
  title={The developmental consequences of low to moderate prenatal and postnatal lead exposure: intellectual attainment in the Cincinnati Lead Study Cohort following school entry},
  author={Dietrich, Kim N and Berger, Omer G and Succop, Paul A and Hammond, Paul B and Bornschein, Robert L},
  journal={Neurotoxicology and teratology},
  volume={15},
  number={1},
  pages={37--44},
  year={1993},
  publisher={Elsevier}
}

@article{dietrich1993lead,
  title={Lead exposure and the motor developmental status of urban six-year-old children in the Cincinnati Prospective Study},
  author={Dietrich, Kim N and Succop, Paul A and Berger, Omer G},
  journal={Pediatrics},
  volume={91},
  number={2},
  pages={301--307},
  year={1993},
  publisher={Am Acad Pediatrics}
}

@article{ernhart1989low,
  title={Low level lead exposure in the prenatal and early preschool periods: intelligence prior to school entry},
  author={Ernhart, Claire B and Morrow-Tlucak, Mary and Wolf, Abraham W and Super, Dennis and Drotar, Dennis},
  journal={Neurotoxicology and teratology},
  volume={11},
  number={2},
  pages={161--170},
  year={1989},
  publisher={Elsevier}
}

@article{gross2007much,
  title={How Much Does IQ Raise Earnings? Implications for Regulatory Impact Analyses},
  author={Gross, Scott},
  journal={AERE Newsletter, published by the Association of Environmental and Resource Economics},
  volume={27},
  number={2},
  pages={19--21},
  year={2007}
}

@article{hilts2003effect,
  title={Effect of smelter emission reductions on children's blood lead levels},
  author={Hilts, Steven R},
  journal={Science of the Total Environment},
  volume={303},
  number={1},
  pages={51--58},
  year={2003},
  publisher={Elsevier}
}

@article{laden2006reduction,
  title={Reduction in fine particulate air pollution and mortality: extended follow-up of the Harvard Six Cities study},
  author={Laden, Francine and Schwartz, Joel and Speizer, Frank E and Dockery, Douglas W},
  journal={American journal of respiratory and critical care medicine},
  volume={173},
  number={6},
  pages={667--672},
  year={2006},
  publisher={Am Thoracic Soc}
}

@article{lanphear2005low,
  title={Low-level environmental lead exposure and children's intellectual function: an international pooled analysis},
  author={Lanphear, Bruce P and Hornung, Richard and Khoury, Jane and Yolton, Kimberly and Baghurst, Peter and Bellinger, David C and Canfield, Richard L and Dietrich, Kim N and Bornschein, Robert and Greene, Tom and others},
  journal={Environmental health perspectives},
  pages={894--899},
  year={2005},
  publisher={JSTOR}
}

@article{needleman1990long,
  title={The long-term effects of exposure to low doses of lead in childhood: an 11-year follow-up report},
  author={Needleman, Herbert L and Schell, Alan and Bellinger, David and Leviton, Alan and Allred, Elizabeth N},
  journal={New England journal of medicine},
  volume={322},
  number={2},
  pages={83--88},
  year={1990},
  publisher={Mass Medical Soc}
}

@article{pocock1994environmental,
  title={Environmental lead and children's intelligence: a systematic review of the epidemiological evidence},
  author={Pocock, Stuart J and Smith, Marjorie and Baghurst, Peter and others},
  journal={Bmj},
  volume={309},
  number={6963},
  pages={1189--1197},
  year={1994},
  publisher={BMJ Publishing Group Ltd}
}

@article{pope2002lung,
  title={Lung cancer, cardiopulmonary mortality, and long-term exposure to fine particulate air pollution},
  author={Pope III, C Arden and Burnett, Richard T and Thun, Michael J and Calle, Eugenia E and Krewski, Daniel and Ito, Kazuhiko and Thurston, George D},
  journal={Jama},
  volume={287},
  number={9},
  pages={1132--1141},
  year={2002},
  publisher={American Medical Association}
}

