No results found, try again with a different query!
@book{pauli2010blue,
  title={The blue economy: 10 years, 100 innovations, 100 million jobs},
  author={Pauli, Gunter A},
  year={2010},
  publisher={Paradigm Publications}
}

No results found, try again with a different query!
@techreport{case1987prices,
  title={Prices of single family homes since 1970: New indexes for four cities},
  author={Case, Karl E and Shiller, Robert J},
  year={1987},
  institution={National Bureau of Economic Research}
}

No results found, try again with a different query!
@article{omb2003regulatory,
  title={Regulatory analysis},
  author={OMB, US},
  journal={Circular A4. September},
  volume={17},
  pages={2003},
  year={2003}
}

@article{lix2008population,
  title={Population-based data sources for chronic disease surveillance},
  author={Lix, LM and Yogendran, MS and Shaw, SY and Burchill, C and Metge, C and Bond, R},
  journal={Chronic Dis Can},
  volume={29},
  number={1},
  pages={31--38},
  year={2008}
}

@article{case2008housing,
  title={How housing booms unwind: income effects, wealth effects, and feedbacks through financial markets},
  author={Case, Karl E and Quigley, John M},
  journal={European Journal of Housing Policy},
  volume={8},
  number={2},
  pages={161--180},
  year={2008},
  publisher={Taylor \& Francis}
}

No results found, try again with a different query!
No results found, try again with a different query!
@incollection{rosenberger2007correspondence,
  title={Correspondence and convergence in benefit transfer accuracy: meta-analytic review of the literature},
  author={Rosenberger, R and Phipps, T},
  booktitle={Environmental Value Transfer: Issues and Methods},
  pages={23--43},
  year={2007},
  publisher={Springer}
}

No results found, try again with a different query!
@article{botha2004market,
  title={Market profiles and trade in medicinal plants in the Lowveld, South Africa},
  author={Botha, J and Witkowski, ETF and Shackleton, CM},
  journal={Environmental conservation},
  volume={31},
  number={01},
  pages={38--46},
  year={2004},
  publisher={Cambridge Univ Press}
}

@article{conover1981rank,
  title={Rank transformations as a bridge between parametric and nonparametric statistics},
  author={Conover, William J and Iman, Ronald L},
  journal={The American Statistician},
  volume={35},
  number={3},
  pages={124--129},
  year={1981},
  publisher={Taylor \& Francis Group}
}

@article{popkin1990labor,
  title={Labor Statistics},
  author={Popkin, Joel},
  journal={Encyclopedia of statistical sciences},
  year={1990},
  publisher={Wiley Online Library}
}