No results found, try again with a different query!
@book{batten2011gale,
  title={Gale Encyclopedia of American Law},
  author={Batten, Donna},
  year={2011},
  publisher={Gale}
}

No results found, try again with a different query!
@book{karter2013fire,
  title={Fire loss in the United States during 2012},
  author={Karter, Michael J},
  year={2013},
  publisher={NFPA}
}

@article{arias2010united,
  title={United States life tables, 2005.},
  author={Arias, Elizabeth and Rostron, Brian L and Tejada-Vera, Betzaida},
  journal={National vital statistics reports: from the Centers for Disease Control and Prevention, National Center for Health Statistics, National Vital Statistics System},
  volume={58},
  number={10},
  pages={1--132},
  year={2010}
}

@book{smith2000s,
  title={Who's Minding the Kids?: Child Care Arrangements, Fall 1995},
  author={Smith, Kristin and United States. Bureau of the Census and others},
  year={2000},
  publisher={US Department of Commerce, Economics and Statistics Administration, US Census Bureau}
}

@article{thrasher2007estimating,
  title={Estimating the impact of different cigarette package warning label policies: The auction method},
  author={Thrasher, James F and Rousu, Matthew C and Anaya-Ocampo, Rafael and Reynales-Shigematsu, Luz Myriam and Arillo-Santill{\'a}n, Edna and Hern{\'a}ndez-{\'A}vila, Mauricio},
  journal={Addictive behaviors},
  volume={32},
  number={12},
  pages={2916--2925},
  year={2007},
  publisher={Elsevier}
}

@article{zaki1996leptospirosis,
  title={Leptospirosis associated with outbreak of acute febrile illness and pulmonary haemorrhage, Nicaragua, 1995},
  author={Zaki, SR and Shieh, WJ and of Agriculture, US Department and Centers for Disease Control and Prevention and others},
  journal={The Lancet},
  volume={347},
  number={9000},
  pages={535--536},
  year={1996},
  publisher={Elsevier}
}

@misc{chaloupka2000economics,
  title={The Economics of Smoking In Handbook of Health Economics Bd. 1B},
  author={Chaloupka, F and Warner, W and Cuyler, A and Newhouse, J},
  year={2000},
  publisher={Amsterdam: Elsevier Science}
}

@article{warner1996employment,
  title={Employment implications of declining tobacco product sales for the regional economies of the United States},
  author={Warner, Kenneth E and Fulton, George A and Nicolas, Peter and Grimes, Donald R},
  journal={Jama},
  volume={275},
  number={16},
  pages={1241--1246},
  year={1996},
  publisher={American Medical Association}
}

@article{evans1999bureaucracy,
  title={Bureaucracy and growth: A cross-national analysis of the effects of" Weberian" state structures on economic growth},
  author={Evans, Peter and Rauch, James E},
  journal={American sociological review},
  pages={748--765},
  year={1999},
  publisher={JSTOR}
}
