@article{roman2008expert,
  title={Expert judgment assessment of the mortality impact of changes in ambient fine particulate matter in the US},
  author={Roman, Henry A and Walker, Katherine D and Walsh, Tyra L and Conner, Lisa and Richmond, Harvey M and Hubbell, Bryan J and Kinney, Patrick L},
  journal={Environmental science \& technology},
  volume={42},
  number={7},
  pages={2268--2274},
  year={2008},
  publisher={ACS Publications}
}

@article{rowe1996critical,
  title={Critical factors in computing externalities for electricity resources},
  author={Rowe, Robert D and Lang, Carolyn M and Chestnut, Lauraine G},
  journal={Resource and Energy Economics},
  volume={18},
  number={4},
  pages={363--394},
  year={1996},
  publisher={Elsevier}
}

@article{kunzli2000public,
  title={Public-health impact of outdoor and traffic-related air pollution: a European assessment},
  author={K{\"u}nzli, Nino and Kaiser, Reinhard and Medina, Sylvia and Studnicka, M and Chanel, Olivier and Filliger, Paul and Herry, Max and Horak, F and Puybonnieux-Texier, V and Qu{\'e}nel, Philippe and others},
  journal={The Lancet},
  volume={356},
  number={9232},
  pages={795--801},
  year={2000},
  publisher={Elsevier}
}

@article{russell1998direct,
  title={Direct medical costs of coronary artery disease in the United States},
  author={Russell, Mason W and Huse, Daniel M and Drowns, Shelley and Hamel, Elizabeth C and Hartz, Stuart C},
  journal={The American journal of cardiology},
  volume={81},
  number={9},
  pages={1110--1115},
  year={1998},
  publisher={Elsevier}
}

@article{samet2000national,
  title={The national morbidity, mortality, and air pollution study},
  author={Samet, Jonathan M and Zeger, Scott L and Dominici, Francesca and Curriero, Frank and Coursac, Ivan and Dockery, Douglas W and Schwartz, Joel and Zanobetti, Antonella},
  journal={Part II: morbidity and mortality from air pollution in the United States Res Rep Health Eff Inst},
  volume={94},
  number={pt 2},
  pages={5--79},
  year={2000}
}

@article{salonen1995intake,
  title={Intake of mercury from fish, lipid peroxidation, and the risk of myocardial infarction and coronary, cardiovascular, and any death in eastern Finnish men},
  author={Salonen, Jukka T and Sepp{\"a}nen, Kari and Nyyss{\"o}nen, Kristiina and Korpela, Heikki and Kauhanen, Jussi and Kantola, Marjatta and Tuomilehto, Jaakko and Esterbauer, Hermann and Tatzber, Franz and Salonen, Riitta},
  journal={Circulation},
  volume={91},
  number={3},
  pages={645--655},
  year={1995},
  publisher={Am Heart Assoc}
}

@article{smith2003national,
  title={A national ozone biomonitoring program--results from field surveys of ozone sensitive plants in northeastern forests (1994--2000)},
  author={Smith, Gretchen and Coulston, John and Jepsen, Edward and Prichard, Teague},
  journal={Environmental Monitoring and Assessment},
  volume={87},
  number={3},
  pages={271--291},
  year={2003},
  publisher={Springer}
}

@article{sorensen1999prenatal,
  title={Prenatal methylmercury exposure as a cardiovascular risk factor at seven years of age},
  author={S{\o}rensen, Nicolina and Murata, Katsuyuki and Budtz-J{\o}rgensen, Esben and Weihe, Pal and Grandjean, Philippe},
  journal={Epidemiology},
  pages={370--375},
  year={1999},
  publisher={JSTOR}
}

@article{tsuji1996impact,
  title={Impact of reduced heart rate variability on risk for cardiac events The Framingham Heart Study},
  author={Tsuji, Hisako and Larson, Martin G and Venditti, Ferdinand J and Manders, Emily S and Evans, Jane C and Feldman, Charles L and Levy, Daniel},
  journal={Circulation},
  volume={94},
  number={11},
  pages={2850--2855},
  year={1996},
  publisher={Am Heart Assoc}
}

