@article{millar1996reaching,
  title={Reaching smokers with lower educational attainment},
  author={Millar, W},
  journal={HEALTH REPORTS-STATISTICS CANADA},
  volume={8},
  pages={11--20},
  year={1996},
  publisher={MINISTER OF INDUSTRY, SCIENCE AND TECHNOLOGY}
}

@article{fong2009impact,
  title={The impact of pictures on the effectiveness of tobacco warnings},
  author={Fong, Geoffrey T and Hammond, David and Hitchman, Sara C},
  journal={Bulletin of the World Health Organization},
  volume={87},
  number={8},
  pages={640--643},
  year={2009},
  publisher={SciELO Public Health}
}

@article{hammond2011health,
  title={Health warning messages on tobacco products: a review},
  author={Hammond, David},
  journal={Tobacco control},
  pages={tc--2010},
  year={2011},
  publisher={BMJ Publishing Group Ltd}
}

@inproceedings{bouchard1990exercise,
  title={Exercise, fitness, and health: a consensus of current knowledge: proceedings of the International Conference on Exercise, fitness, and health, May 29-June 3, 1988, Toronto, Canada.},
  author={Bouchard, Claude and Shephard, Roy J and Stephens, Th and Sutton, JR and McPherson, BD and others},
  booktitle={Exercise, fitness, and health: a consensus of current knowledge: proceedings of the International Conference on Exercise, fitness, and health, May 29-June 3, 1988, Toronto, Canada.},
  year={1990},
  organization={Human Kinetics Publishers}
}

@article{koval2005potential,
  title={The potential effectiveness of warning labels on cigarette packages: the perceptions of young adult Canadians},
  author={Koval, John J and Aubut, Jo-Anne L and Pederson, Linda L and O'Hegarty, Michelle and Chan, Stella SH},
  journal={Canadian Journal of Public Health/Revue Canadienne de Sante'e Publique},
  pages={353--356},
  year={2005},
  publisher={JSTOR}
}

@article{borland2009impact,
  title={Impact of graphic and text warnings on cigarette packs: findings from four countries over five years},
  author={Borland, Ron and Wilson, Nick and Fong, Geoffrey T and Hammond, David and Cummings, K Michael and Yong, Hua-Hie and Hosking, Warwick and Hastings, Gerard and Thrasher, James and McNeill, Ann},
  journal={Tobacco control},
  volume={18},
  number={5},
  pages={358--364},
  year={2009},
  publisher={BMJ Publishing Group Ltd}
}

@article{hammond2011health,
  title={Health warning messages on tobacco products: a review},
  author={Hammond, David},
  journal={Tobacco control},
  pages={tc--2010},
  year={2011},
  publisher={BMJ Publishing Group Ltd}
}

@article{kempf2006examining,
  title={Examining the effectiveness of proposed cigarette package warning labels with graphic images among US college students},
  author={Kempf, DeAnna S and Harmon, Susan K},
  journal={Academy of Marketing Studies Journal},
  volume={10},
  number={2},
  pages={77},
  year={2006},
  publisher={Jordan Whitney Enterprises, Inc}
}

@article{hammond2004graphic,
  title={Graphic Canadian cigarette warning labels and adverse outcomes: evidence from Canadian smokers},
  author={Hammond, David and Fong, Geoffrey T and McDonald, Paul W and Brown, K Stephen and Cameron, Roy},
  journal={American Journal of Public Health},
  volume={94},
  number={8},
  pages={1442--1445},
  year={2004},
  publisher={American Public Health Association}
}

@article{shanahan2009evaluation,
  title={Evaluation of the effectiveness of the graphic health warnings on tobacco product packaging 2008},
  author={Shanahan, P and Elliott, D},
  journal={Canberra: Australian Government Department of Health and Ageing},
  year={2009}
}

@article{miller2009response,
  title={Response of mass media, tobacco industry and smokers to the introduction of graphic cigarette pack warnings in Australia},
  author={Miller, Caroline L and Hill, David J and Quester, Pascale G and Hiller, Janet E},
  journal={The European Journal of Public Health},
  volume={19},
  number={6},
  pages={644--649},
  year={2009},
  publisher={Oxford Univ Press}
}

@article{vardavas2009adolescents,
  title={Adolescents perceived effectiveness of the proposed European graphic tobacco warning labels},
  author={Vardavas, Constantine I and Connolly, Gregory and Karamanolis, Kostas and Kafatos, Anthony},
  journal={The European Journal of Public Health},
  pages={ckp015},
  year={2009},
  publisher={Oxford Univ Press}
}

@article{shanahan2009evaluation,
  title={Evaluation of the effectiveness of the graphic health warnings on tobacco product packaging 2008},
  author={Shanahan, P and Elliott, D},
  journal={Canberra: Australian Government Department of Health and Ageing},
  year={2009}
}

@article{danaei2009preventable,
  title={The preventable causes of death in the United States: comparative risk assessment of dietary, lifestyle, and metabolic risk factors},
  author={Danaei, Goodarz and Ding, Eric L and Mozaffarian, Dariush and Taylor, Ben and Rehm, Jurgen and Murray, Christopher JL and Ezzati, Majid and others},
  journal={PLoS medicine},
  volume={6},
  number={4},
  pages={365},
  year={2009}
}

