@article{nordhaus1994locational,
  title={Locational Competition and the Environment: Should Countries Harmonize Their Environmental Policies?},
  author={Nordhaus, William D},
  year={1994},
  publisher={Citeseer}
}

@article{axelrod1981evolution,
  title={The evolution of cooperation},
  author={Axelrod, Robert and Hamilton, William Donald},
  journal={Science},
  volume={211},
  number={4489},
  pages={1390--1396},
  year={1981},
  publisher={American Association for the Advancement of Science}
}

@article{newell2003discounting,
  title={Discounting the distant future: how much do uncertain rates increase valuations?},
  author={Newell, Richard G and Pizer, William A},
  journal={Journal of Environmental Economics and Management},
  volume={46},
  number={1},
  pages={52--71},
  year={2003},
  publisher={Elsevier}
}

@article{friedman2001impact,
  title={Impact of changes in transportation and commuting behaviors during the 1996 Summer Olympic Games in Atlanta on air quality and childhood asthma},
  author={Friedman, Michael S and Powell, Kenneth E and Hutwagner, Lori and Graham, LeRoy M and Teague, W Gerald},
  journal={Jama},
  volume={285},
  number={7},
  pages={897--905},
  year={2001},
  publisher={American Medical Association}
}

@article{fann2009influence,
  title={The influence of location, source, and emission type in estimates of the human health benefits of reducing a ton of air pollution},
  author={Fann, Neal and Fulcher, Charles M and Hubbell, Bryan J},
  journal={Air Quality, Atmosphere \& Health},
  volume={2},
  number={3},
  pages={169--176},
  year={2009},
  publisher={Springer}
}

@article{us2007control,
  title={Control of hazardous air pollutants from mobile sources. Regulatory impact analysis},
  author={US EPA},
  journal={EPA420-R-07-002},
  year={2007},
  publisher={Off. Transp. Air Qual US EPA, Ann Arbor, MI}
}

