@article{barber2001boys,
  title={Boys will be boys: Gender, overconfidence, and common stock investment},
  author={Barber, Brad M and Odean, Terrance},
  journal={Quarterly journal of Economics},
  pages={261--292},
  year={2001},
  publisher={JSTOR}
}

@article{gramlich1994infrastructure,
  title={Infrastructure investment: A review essay},
  author={Gramlich, Edward M},
  journal={Journal of economic literature},
  pages={1176--1196},
  year={1994},
  publisher={JSTOR}
}

No results found, try again with a different query!
@article{basu1977investment,
  title={Investment performance of common stocks in relation to their price-earnings ratios: A test of the efficient market hypothesis},
  author={Basu, Sanjoy},
  journal={The journal of Finance},
  volume={32},
  number={3},
  pages={663--682},
  year={1977},
  publisher={Wiley Online Library}
}

@article{cohn1975individual,
  title={Individual investor risk aversion and investment portfolio composition},
  author={Cohn, Richard A and Lewellen, Wilbur G and Lease, Ronald C and Schlarbaum, Gary G},
  journal={The Journal of Finance},
  volume={30},
  number={2},
  pages={605--620},
  year={1975},
  publisher={Wiley Online Library}
}

@article{barth1994fair,
  title={Fair value accounting: Evidence from investment securities and the market valuation of banks},
  author={Barth, Mary E},
  journal={Accounting Review},
  pages={1--25},
  year={1994},
  publisher={JSTOR}
}

@article{greaney1997night,
  title={Night landings on an aircraft carrier: hospital mergers and antitrust law},
  author={Greaney, Thomas L},
  journal={American Journal of Law and Medicine},
  volume={23},
  number={2},
  year={1997}
}

No results found, try again with a different query!
@article{klein1998stark,
  title={Stark Laws: Conquering Physician Conflicts of Interest, The},
  author={Klein, Jo-Ellyn Sakowitz},
  journal={Geo. LJ},
  volume={87},
  pages={499},
  year={1998},
  publisher={HeinOnline}
}

No results found, try again with a different query!
@inproceedings{rubona2001routine,
  title={Routine health information systems that operate in Tanzania},
  author={Rubona, Josibert J},
  booktitle={The RHINO workshop on issues and innovation in routine health information in developing countries},
  pages={183--193},
  year={2001}
}

@article{flick1986liability,
  title={Liability of Banks to Their Borrowers: Pitfalls and Protections},
  author={Flick, Lawrence F},
  journal={Banking LJ},
  volume={103},
  pages={220},
  year={1986},
  publisher={HeinOnline}
}

