@article{andersen2006conservation,
  title={Conservation and utilisation of Abies guatemalensis Rehder (Pinaceae)--an endangered endemic conifer in Central America},
  author={Andersen, Uffe Strandby and C{\'o}rdova, Jos{\'e} Pablo Prado and S{\o}rensen, Marten and Kollmann, Johannes},
  journal={Biodiversity \& Conservation},
  volume={15},
  number={10},
  pages={3131--3151},
  year={2006},
  publisher={Springer}
}

@article{wilhelm2007corn,
  title={Corn stover to sustain soil organic carbon further constrains biomass supply},
  author={Wilhelm, Wally W and Johnson, Jane MF and Karlen, Douglas L and Lightle, David T},
  journal={Agronomy journal},
  volume={99},
  number={6},
  pages={1665--1667},
  year={2007},
  publisher={American Society of Agronomy}
}

@article{andrews2006crop,
  title={Crop residue removal for biomass energy production: Effects on soils and recommendations},
  author={Andrews, Susan S},
  journal={US Department of Agriculture--Natural Resource Conservation Service, http://soils. usda. gov/sqi/files/AgForum\_Residue\_White\_Paper. pdf (15 November 2012)},
  year={2006}
}

No results found, try again with a different query!
@book{kerstetter2001logging,
  title={Logging and agricultural residue supply curves for the Pacific Northwest},
  author={Kerstetter, James D and Lyons, John Kim},
  year={2001},
  publisher={Washington State University Energy Program}
}

